<?xml version="1.0" encoding="UTF-8"?><record xmlns="http://www.loc.gov/MARC21/slim" xmlns:cinclude="http://apache.org/cocoon/include/1.0" xmlns:zs="http://www.loc.gov/zing/srw/">
  <leader>00520nz  a2200145n  4500</leader>
  <controlfield tag="001">no2008016969</controlfield>
  <controlfield tag="003">DLC</controlfield>
  <controlfield tag="005">20080203075420.0</controlfield>
  <controlfield tag="008">080201n| acannaabn          |n aaa     c</controlfield>
  <datafield tag="010" ind1=" " ind2=" ">
    <subfield code="a">no2008016969</subfield>
  </datafield>
  <datafield tag="035" ind1=" " ind2=" ">
    <subfield code="a">(OCoLC)oca07646811</subfield>
  </datafield>
  <datafield tag="040" ind1=" " ind2=" ">
    <subfield code="a">UPB</subfield>
    <subfield code="b">eng</subfield>
    <subfield code="c">UPB</subfield>
  </datafield>
  <datafield tag="100" ind1="1" ind2=" ">
    <subfield code="a">Case, Jason,</subfield>
    <subfield code="d">1980-</subfield>
  </datafield>
  <datafield tag="670" ind1=" " ind2=" ">
    <subfield code="a">Family foodways and nutrition 1911-2006, 2006:</subfield>
    <subfield code="b">t.p. (Jason Case; b. 1980)</subfield>
  </datafield>
  <datafield tag="670" ind1=" " ind2=" ">
    <subfield code="a">Brigham Young University, L. Tom Perry Special Collections worksheet, Feb. 1, 2008</subfield>
    <subfield code="b">(Jason Case; student at Brigham Young University)</subfield>
  </datafield>
</record>